@BOOK{Wettl04,
  author="Ferenc Wettl and Gyula Mayer and Péter Szabó",
  title="\LaTeX~kézikönyv",
  publisher="Panem Könyvkiadó",
  year=2004
}

@ARTICLE{Candy86,
  author ="James C. Candy",
  title  ="Decimation for Sigma Delta Modulation",
  journal="{IEEE} Trans.\ on Communications",
  volume =34,
  number =1,
  pages  ="72--76",
  month  =jan,
  year   =1986,
}

@INPROCEEDINGS{Lee87,
  author =       "Wai L. Lee and Charles G. Sodini",
  title =        "A Topology for Higher Order Interpolative Coders",
  booktitle =    "Proc.\ of the IEEE International Symposium on Circuits and Systems",
  year =         1987,
  vol =          2,
  month =        may # "~4--7",
  address =      "Philadelphia, PA, USA",
  pages =        "459--462"
}

@PHDTHESIS{KissPhD,
  author =   "Peter Kiss",
  title =    "Adaptive Digital Compensation of Analog Circuit Imperfections for Cascaded Delta-Sigma Analog-to-Digital Converters",
  school =   "Technical University of Timi\c{s}oara, Romania",
  month =    apr,
  year =     2000
}

@MANUAL{KdeQtOpenSource,
  author = "Olaf Schmidt-Wischhöfer",
  title  = "Qt, Open Source and corona",
  organization = "KDE",
  year   = 2020,
  month  = apr,
  note   ="URL: https://mail.kde.org/pipermail/kde-community/2020q2/006098.html"
}

@MANUAL{QtOpenSource,
	author = "Qt Group",
	title  = "Qt for Open Source Development",
	year   = 2023,
	month  = may,
	note   ="URL: https://www.qt.io/download-open-source"
}

@MANUAL{QtEdu,
	title  = "Qt Educational license for students and teachers",
	organization = "Qt Group",
	year   = 2023,
	month  = may,
	note   ="URL: https://www.qt.io/qt-educational-license"
}

@MANUAL{GtkWiki,
	title  = "GTK",
	organization = "Wikipedia",
	year   = 2023,
	month  = may,
	note   ="URL: https://en.wikipedia.org/wiki/GTK"
}

@MANUAL{QtWiki,
	title  = "Qt (Software)",
	organization = "Wikipedia",
	year   = 2023,
	month  = may,
	note = "URL: https://en.wikipedia.org/wiki/Qt{\_}(software)"
}

@MANUAL{QmlWiki,
title  = "QML",
organization = "Wikipedia",
year   = 2023,
month  = may,
note = "URL: https://en.wikipedia.org/wiki/QML"
}

@MISC{DipPortal,
	author="Budapesti {M}ûszaki és {G}azdaságtudományi {E}gyetem {V}illamosmérnöki és {I}nformatikai {K}ar",
  title="{D}iplomaterv portál (2011 február 26.)",
  howpublished="\url{http://diplomaterv.vik.bme.hu/}",
}
